<record><leader>00000cas a2200000 a 4500</leader><controlfield tag="001">42469706</controlfield><controlfield tag="008">991001d19uu19uumnuwr ne      0    0ger c</controlfield><datafield ind1=" " ind2=" " tag="010"><subfield code="a">sn 99021366 </subfield></datafield><datafield ind1=" " ind2=" " tag="040"><subfield code="a">CRL</subfield><subfield code="b">eng</subfield><subfield code="c">CRL</subfield><subfield code="d">OCLCQ</subfield><subfield code="d">OCLCF</subfield><subfield code="d">OCLCO</subfield></datafield><datafield ind1=" " ind2=" " tag="042"><subfield code="a">pcc</subfield></datafield><datafield ind1=" " ind2=" " tag="043"><subfield code="a">n-us-wi</subfield></datafield><datafield ind1="0" ind2=" " tag="130"><subfield code="a">Sonntagspost (Winona, Minn. : Milwaukee ed.)</subfield></datafield><datafield ind1="1" ind2="0" tag="245"><subfield code="a">Sonntagspost.</subfield></datafield><datafield ind1=" " ind2=" " tag="250"><subfield code="a">Milwaukee ed.</subfield></datafield><datafield ind1=" " ind2=" " tag="260"><subfield code="a">Winona, Minn. :</subfield><subfield code="b">National Weeklies, Inc.</subfield></datafield><datafield ind1=" " ind2=" " tag="300"><subfield code="a">v. ;</subfield><subfield code="c">56 cm.</subfield></datafield><datafield ind1=" " ind2=" " tag="310"><subfield code="a">Weekly</subfield></datafield><datafield ind1=" " ind2=" " tag="500"><subfield code="a">"Sunday ed."</subfield></datafield><datafield ind1=" " ind2=" " tag="580"><subfield code="a">Milwaukee ed. of: Sonntagspost (Winona, Minn.).</subfield></datafield><datafield ind1=" " ind2=" " tag="588"><subfield code="a">Description based on: Jahrg. 81, Nr. 31 (25. Okt. 1953).</subfield></datafield><datafield ind1=" " ind2=" " tag="588"><subfield code="a">Latest issue consulted: Jahrg. 81, Nr. 40 (27. Dez. 1953).</subfield></datafield><datafield ind1=" " ind2="0" tag="650"><subfield code="a">Germans</subfield><subfield code="z">Wisconsin</subfield><subfield code="z">Milwaukee</subfield><subfield code="v">Newspapers.</subfield></datafield><datafield ind1=" " ind2="0" tag="651"><subfield code="a">Milwaukee (Wis.)</subfield><subfield code="v">Newspapers.</subfield></datafield><datafield ind1=" " ind2="7" tag="655"><subfield code="a">Newspapers.</subfield><subfield code="2">fast</subfield><subfield code="0">(OCoLC)fst01423814</subfield></datafield><datafield ind1=" " ind2="7" tag="650"><subfield code="a">Germans.</subfield><subfield code="2">fast</subfield><subfield code="0">(OCoLC)fst00942100</subfield></datafield><datafield ind1=" " ind2="7" tag="651"><subfield code="a">Wisconsin</subfield><subfield code="z">Milwaukee.</subfield><subfield code="2">fast</subfield><subfield code="0">(OCoLC)fst01206626</subfield></datafield><datafield ind1=" " ind2=" " tag="752"><subfield code="a">United States</subfield><subfield code="b">Minnesota</subfield><subfield code="c">Winona</subfield><subfield code="d">Winona.</subfield></datafield><datafield ind1="1" ind2=" " tag="775"><subfield code="t">Sonntagspost (Winona, Minn.)</subfield><subfield code="w">(DLC)sn 83025335</subfield><subfield code="w">(OCoLC)9400830</subfield></datafield></record>